% DSEA
@article{twomey1963numerical,
  title={On the numerical solution of Fredholm integral equations of the first kind by the inversion of the linear system produced by quadrature},
  author={Twomey, Sean},
  journal={Journal of the ACM (JACM)},
  volume={10},
  number={1},
  pages={97--101},
  year={1963},
  publisher={ACM New York, NY, USA}
}

@PHDTHESIS{ruhe,
       author = {{Ruhe}, Tim},
        title = "{Data mining on the rocks: A measurement of the atmospheric muon neutrino flux using IceCube in the 59-string configuration and a novel data mining based approach to unfolding}",
       school = {Technical University of Dortmund, Germany},
         year = 2013,
        month = jan,
       adsurl = {https://ui.adsabs.harvard.edu/abs/2013PhDT.......368R},
      adsnote = {Provided by the SAO/NASA Astrophysics Data System}
}


@thesis{boerner,
  author = {Mathis, Börner},
  title = {Der Entfaltungsalgorithmus DSEA},
  subtitle = {Systematische Studien und Anwendung auf astrophysikalische Fragestellungen},
  year = {2014},
  type = {Masterarbeit},
  school = {Technische Universität Dortmund, Deutschland}
}

@thesis{RockSolid2018DSEARR,
  title = {DSEA Rock-Solid Regularization and Comparison with other Deconvolution Algorithms},
  author = { Mirko Bunse},
  year = {2018},
  school = {Technische Universität Dortmund, Deutschland},
  type = {Masterarbeit}
}

% IceCube
@article{Ahlers_2018,
	url = {https://doi.org/10.1140%2Fepjc%2Fs10052-018-6369-9},
	year = {2018},
	publisher = {Springer Science and Business Media {LLC}},
	volume = {78},
	number = {11},
	author = {Markus Ahlers and Klaus Helbing and Carlos P{\'{e}}rez de los Heros},
	title = {Probing particle physics with {IceCube}},
	journal = {The European Physical Journal C}
}
@article{icecube_detector,
  title={NEUTRINO ASTRONOMY WITH ICECUBE},
  author={Tyce DeYoung},
  journal={Modern Physics Letters A},
  year={2009},
  volume={24},
  pages={1543-1557}
}
@book{landau2013electrodynamics,
  title={Electrodynamics of continuous media},
  author={Landau, Lev Davidovich and Bell, JS and Kearsley, MJ and Pitaevskii, LP and Lifshitz, EM and Sykes, JB},
  volume={8},
  year={2013},
  publisher={elsevier}
}

% Neutrino
@article{Spiering_2012,
	url = {https://doi.org/10.1140%2Fepjh%2Fe2012-30014-2},
	year = {2012},
	publisher = {Springer Science and Business Media {LLC}},
	volume = {37},
	number = {3},
	pages = {515--565},
	author = {Christian Spiering},
	title = {Towards high-energy neutrino astronomy},
	journal = {The European Physical Journal H}
}

@article{oscillation_bilenky,
  title = {Massive neutrinos and neutrino oscillations},
  author = {Bilenky, S. M. and Petcov, S. T.},
  journal = {Rev. Mod. Phys.},
  volume = {59},
  pages = {671--754},
  year = {1987},
  publisher = {American Physical Society},
  url = {https://link.aps.org/doi/10.1103/RevModPhys.59.671}
}

@incollection{oscillation_wolfenstein,
  title={Neutrino oscillations in matter},
  author={Wolfenstein, Lincoln},
  booktitle={Solar Neutrinos},
  pages={294--299},
  year={2018},
  publisher={CRC Press}
}
@article{signature_e,
  title = {Measurement of the Atmospheric ${\ensuremath{\nu}}_{e}$ Flux in IceCube},
  author = {Aartsen, M. G. and Abbasi, R. and Abdou, Y. and Ackermann, M. and Adams, J. and Aguilar, J. A. and Ahlers, M. and Altmann, D. and Auffenberg, J. and Bai, X. and Baker, M. and Barwick, S. W. and Baum, V. and Bay, R. and Beattie, K. and Beatty, J. J. and Bechet, S. and Becker Tjus, J. and Becker, K.-H. and Bell, M. and Benabderrahmane, M. L. and BenZvi, S. and Berdermann, J. and Berghaus, P. and Berley, D. and Bernardini, E. and Bernhard, A. and Bertrand, D. and Besson, D. Z. and Bindig, D. and Bissok, M. and Blaufuss, E. and Blumenthal, J. and Boersma, D. J. and Bohaichuk, S. and Bohm, C. and Bose, D. and B\"oser, S. and Botner, O. and Brayeur, L. and Brown, A. M. and Bruijn, R. and Brunner, J. and Buitink, S. and Carson, M. and Casey, J. and Casier, M. and Chirkin, D. and Christy, B. and Clark, K. and Clevermann, F. and Cohen, S. and Cowen, D. F. and Cruz Silva, A. H. and Danninger, M. and Daughhetee, J. and Davis, J. C. and De Clercq, C. and De Ridder, S. and Desiati, P. and de Vries-Uiterweerd, G. and de With, M. and DeYoung, T. and D\'{\i}az-V\'elez, J. C. and Dreyer, J. and Dunkman, M. and Eagan, R. and Eberhardt, B. and Eisch, J. and Ellsworth, R. W. and Engdeg\aa{}rd, O. and Euler, S. and Evenson, P. A. and Fadiran, O. and Fazely, A. R. and Fedynitch, A. and Feintzeig, J. and Feusels, T. and Filimonov, K. and Finley, C. and Fischer-Wasels, T. and Flis, S. and Franckowiak, A. and Franke, R. and Frantzen, K. and Fuchs, T. and Gaisser, T. K. and Gallagher, J. and Gerhardt, L. and Gladstone, L. and Gl\"usenkamp, T. and Goldschmidt, A. and Golup, G. and Goodman, J. A. and G\'ora, D. and Grant, D. and Gro\ss{}, A. and Gurtner, M. and Ha, C. and Haj Ismail, A. and Hallgren, A. and Halzen, F. and Hanson, K. and Heereman, D. and Heimann, P. and Heinen, D. and Helbing, K. and Hellauer, R. and Hickford, S. and Hill, G. C. and Hoffman, K. D. and Hoffmann, R. and Homeier, A. and Hoshina, K. and Huelsnitz, W. and Hulth, P. O. and Hultqvist, K. and Hussain, S. and Ishihara, A. and Jacobi, E. and Jacobsen, J. and Japaridze, G. S. and Jero, K. and Jlelati, O. and Kaminsky, B. and Kappes, A. and Karg, T. and Karle, A. and Kelley, J. L. and Kiryluk, J. and Kislat, F. and Kl\"as, J. and Klein, S. R. and K\"ohne, J.-H. and Kohnen, G. and Kolanoski, H. and K\"opke, L. and Kopper, C. and Kopper, S. and Koskinen, D. J. and Kowalski, M. and Krasberg, M. and Kroll, G. and Kunnen, J. and Kurahashi, N. and Kuwabara, T. and Labare, M. and Landsman, H. and Larson, M. J. and Lesiak-Bzdak, M. and Leute, J. and L\"unemann, J. and Madsen, J. and Maruyama, R. and Mase, K. and Matis, H. S. and McNally, F. and Meagher, K. and Merck, M. and M\'esz\'aros, P. and Meures, T. and Miarecki, S. and Middell, E. and Milke, N. and Miller, J. and Mohrmann, L. and Montaruli, T. and Morse, R. and Nahnhauer, R. and Naumann, U. and Niederhausen, H. and Nowicki, S. C. and Nygren, D. R. and Obertacke, A. and Odrowski, S. and Olivas, A. and Olivo, M. and O'Murchadha, A. and Panknin, S. and Paul, L. and Pepper, J. A. and P\'erez de los Heros, C. and Pfendner, C. and Pieloth, D. and Pirk, N. and Posselt, J. and Price, P. B. and Przybylski, G. T. and R\"adel, L. and Rawlins, K. and Redl, P. and Resconi, E. and Rhode, W. and Ribordy, M. and Richman, M. and Riedel, B. and Rodrigues, J. P. and Rott, C. and Ruhe, T. and Ruzybayev, B. and Ryckbosch, D. and Saba, S. M. and Salameh, T. and Sander, H.-G. and Santander, M. and Sarkar, S. and Schatto, K. and Scheel, M. and Scheriau, F. and Schmidt, T. and Schmitz, M. and Schoenen, S. and Sch\"oneberg, S. and Sch\"onherr, L. and Sch\"onwald, A. and Schukraft, A. and Schulte, L. and Schulz, O. and Seckel, D. and Seo, S. H. and Sestayo, Y. and Seunarine, S. and Sheremata, C. and Smith, M. W. E. and Soiron, M. and Soldin, D. and Spiczak, G. M. and Spiering, C. and Stamatikos, M. and Stanev, T. and Stasik, A. and Stezelberger, T. and Stokstad, R. G. and St\"o\ss{}l, A. and Strahler, E. A. and Str\"om, R. and Sullivan, G. W. and Taavola, H. and Taboada, I. and Tamburro, A. and Ter-Antonyan, S. and Tilav, S. and Toale, P. A. and Toscano, S. and Usner, M. and van der Drift, D. and van Eijndhoven, N. and Van Overloop, A. and van Santen, J. and Vehring, M. and Voge, M. and Vraeghe, M. and Walck, C. and Waldenmaier, T. and Wallraff, M. and Wasserman, R. and Weaver, Ch. and Wellons, M. and Wendt, C. and Westerhoff, S. and Whitehorn, N. and Wiebe, K. and Wiebusch, C. H. and Williams, D. R. and Wissing, H. and Wolf, M. and Wood, T. R. and Woschnagg, K. and Xu, C. and Xu, D. L. and Xu, X. W. and Yanez, J. P. and Yodh, G. and Yoshida, S. and Zarzhitsky, P. and Ziemann, J. and Zierke, S. and Zilles, A. and Zoll, M.},
  collaboration = {IceCube Collaboration},
  journal = {Phys. Rev. Lett.},
  year = {2013},
  publisher = {American Physical Society},
  url = {https://link.aps.org/doi/10.1103/PhysRevLett.110.151105}
}

% dataset
@misc{dataset,
  title = {Simulation Production IceCube},
  subtitle = {Dataset 11374},
  author = {Juan Carlos},
  year = {2015},
  url = {https://grid.icecube.wisc.edu/simulation/dataset/11374}
}
@inproceedings{scaler,
  title={Influence of feature scaling on convergence of gradient iterative algorithm},
  author={Wan, Xing},
  booktitle={Journal of physics: Conference series},
  volume={1213},
  number={3},
  pages={032021},
  year={2019},
  organization={IOP Publishing}
}

% Neural Network
@article{max_pred,
  title={A literature survey on algorithms for multi-label learning},
  author={Sorower, Mohammad S},
  journal={Oregon State University, Corvallis},
  volume={18},
  pages={1--25},
  year={2010},
  publisher={Citeseer}
}

@misc{activationf,
  url = {https://arxiv.org/abs/1804.02763},
  author = {Pedamonti, Dabal},
  keywords = {Machine Learning (cs.LG), Machine Learning (stat.ML), FOS: Computer and information sciences, FOS: Computer and information sciences},
  title = {Comparison of non-linear activation functions for deep neural networks on MNIST classification task},
  publisher = {arXiv},
  year = {2018},
  copyright = {Creative Commons Attribution 4.0 International}
}

@article{Neupert2021IntroductionTM,
  title={Introduction to Machine Learning for the Sciences},
  author={Titus Neupert and Mark H. Fischer and Eliska Greplova and Kenny Choo and M. Michael Denner},
  journal={ArXiv},
  url = {https://arxiv.org/abs/2102.04883},
  year={2021}
}

@misc{ADAM,
  url = {https://arxiv.org/abs/1412.6980},
  author = {Kingma, Diederik P. and Ba, Jimmy},
  keywords = {Machine Learning (cs.LG), FOS: Computer and information sciences, FOS: Computer and information sciences},
  title = {Adam: A Method for Stochastic Optimization},
  publisher = {arXiv},
  year = {2014},
  copyright = {arXiv.org perpetual, non-exclusive license}
}

@book{cross_entropy,
  title={The Mathematics of Information Coding, Extraction and Distribution},
  author={Cybenko, G. and O'Leary, D.P. and Rissanen, J.},
  isbn={9780387986654},
  lccn={98031464},
  series={The IMA Volumes in Mathematics and its Applications},
  year={1998},
  publisher={Springer New York}
}

@article{brownlee2018difference,
  title={What is the Difference Between a Batch and an Epoch in a Neural Network},
  author={Brownlee, Jason},
  journal={Machine Learning Mastery},
  volume={20},
  year={2018}
}

@article{tikhonov,
  author = {Golub, Gene H. and Hansen, Per Christian and O'Leary, Dianne P.},
  title = {Tikhonov Regularization and Total Least Squares},
  journal = {SIAM Journal on Matrix Analysis and Applications},
  volume = {21},
  number = {1},
  pages = {185-194},
  year = {1999},
  URL = {https://doi.org/10.1137/S0895479897326432},
  bstract = {Discretizations of inverse problems lead to systems of linear equations with a highly ill-conditioned coefficient matrix, and in order to computestable solutions to these systems it is necessary to apply regularization methods. We show how Tikhonov's regularization method, which in its original formulation involves a least squares problem, can be recast in a total least squares formulation suited for problems in which both the coefficient matrix and the right-hand side are known only approximately. We analyze the regularizing properties of this method and demonstrate by a numerical example that, in certain cases with large perturbations, the new method is superior to standard regularization methods. }
}

@misc{reconstruction_nn,
  url = {https://arxiv.org/abs/2107.12187},
  author = {Minh, Martin Ha},
  keywords = {Instrumentation and Methods for Astrophysics (astro-ph.IM), High Energy Astrophysical Phenomena (astro-ph.HE), Instrumentation and Detectors (physics.ins-det), FOS: Physical sciences, FOS: Physical sciences},
  title = {Reconstruction of Neutrino Events in  title={ {TensorFlow}: Large-Scale Machine Learning on Heterogeneous Systems}},
  url={https://www.tensorflow.org/},
  note={Software available from tensorflow.org}
}

% PDG
@article{pdg,
  author = {Workman, R. L. and Others},
  collaboration = {Particle Data Group},
  title = {Review of Particle Physics},
  doi = {10.1093/ptep/ptac097},
  journal = {PTEP},
  year = {2022}
}

% chi2
@article{LIU20022617,
  title = {A spectral histogram model for texton modeling and texture discrimination},
  journal = {Vision Research},
  volume = {42},
  number = {23},
  pages = {2617-2634},
  year = {2002},
  issn = {0042-6989},
  doi = {https://doi.org/10.1016/S0042-6989(02)00297-3},
  author = {Xiuwen Liu and DeLiang Wang},
  keywords = {Texton modeling, Texture discrimination, Texture Synthesis, Texture perception},
}

% Bootstrap
@article{lewis_poole_2004,
  title={Measuring Bias and Uncertainty in Ideal Point Estimates via the Parametric Bootstrap},
  volume={12},
  DOI={10.1093/pan/mph015},
  number={2},
  journal={Political Analysis}, 
  publisher={Cambridge University Press},
  author={Lewis, Jeffrey B. and Poole, Keith T.}, 
  year={2004}, 
  pages={105–127}
}

% Python packages 
@article{scikit-learn,
 title={Scikit-learn: Machine Learning in {P}ython},
 author={Pedregosa, F. and Varoquaux, G. and Gramfort, A. and Michel, V.
         and Thirion, B. and Grisel, O. and Blondel, M. and Prettenhofer, P.
         and Weiss, R. and Dubourg, V. and Vanderplas, J. and Passos, A. and
         Cournapeau, D. and Brucher, M. and Perrot, M. and Duchesnay, E.},
 journal={Journal of Machine Learning Research},
 volume={12},
 pages={2825--2830},
 year={2011}
}


@misc{tensorflow2015-whitepaper,
  title={ {TensorFlow}: Large-Scale Machine Learning on Heterogeneous Systems},
  url={https://www.tensorflow.org/},
  note={Software available from tensorflow.org},
  author={
    Mart\'{i}n~Abadi and
    Ashish~Agarwal and
    Paul~Barham and
    Eugene~Brevdo and
    Zhifeng~Chen and
    Craig~Citro and
    Greg~S.~Corrado and
    Andy~Davis and
    Jeffrey~Dean and
    Matthieu~Devin and
    Sanjay~Ghemawat and
    Ian~Goodfellow and
    Andrew~Harp and
    Geoffrey~Irving and
    Michael~Isard and
    Yangqing Jia and
    Rafal~Jozefowicz and
    Lukasz~Kaiser and
    Manjunath~Kudlur and
    Josh~Levenberg and
    Dandelion~Man\'{e} and
    Rajat~Monga and
    Sherry~Moore and
    Derek~Murray and
    Chris~Olah and
    Mike~Schuster and
    Jonathon~Shlens and
    Benoit~Steiner and
    Ilya~Sutskever and
    Kunal~Talwar and
    Paul~Tucker and
    Vincent~Vanhoucke and
    Vijay~Vasudevan and
    Fernanda~Vi\'{e}gas and
    Oriol~Vinyals and
    Pete~Warden and
    Martin~Wattenberg and
    Martin~Wicke and
    Yuan~Yu and
    Xiaoqiang~Zheng},
  year={2015},
}